% This file was created with JabRef 2.3.1.
% Encoding: UTF-8

@CONFERENCE{Elsa,
  author = {Elsa Arcaute and Kim Christensen and Ana Sendova-Franks and Torbjorn
	Dahl and Angela Espinosa and Henrik J. Jensen},
  title = {Division of labour in ant colonies in terms of attractive fields},
  booktitle = {Ecol. Complex},
  year = {2008},
  owner = {20270089},
  timestamp = {2008.11.24}
}

@BOOK{Bonabeau+1999,
  title = {Swarm intelligence: from natural to artificial systems},
  publisher = { Oxford University Press},
  year = {1999},
  author = {Eric Bonabeau and Marco Dorigo and Guy Theraulaz},
  pages = {307},
  owner = {20270089},
  timestamp = {2008.11.24}
}

@ARTICLE{Dias+2006,
  author = {M. B. Dias and R. M. Zlot and N. Kalra and A. Stentz},
  title = {Market-based multirobot coordination: A survey and analysis},
  journal = {Proceedings of the IEEE},
  year = {2006},
  volume = {94},
  pages = {1257-1270},
  owner = {20270089},
  timestamp = {2008.06.12}
}

@ARTICLE{Gerkey+2004,
  author = {B. P. Gerkey and M. J. Mataric},
  title = {A Formal Analysis and Taxonomy of Task Allocation in Multi-Robot
	Systems},
  journal = {The International Journal of Robotics Research},
  year = {2004},
  volume = {23},
  pages = {939},
  keywords = {multi-robot control},
  owner = {20270089},
  timestamp = {2008.11.24}
}

@ARTICLE{Kogut2000,
  author = {Bruce Kogut},
  title = {The network as knowledge: generative rules and the emergence of structure},
  journal = {Strategic Management Journal},
  year = {2000},
  volume = {21},
  pages = {405-425},
  number = {3},
  timestamp = {2010.05.14}
}

@ARTICLE{Lerman+2006,
  author = {K. Lerman and C. Jones and A. Galstyan and M. J. Mataric},
  title = {Analysis of Dynamic Task Allocation in Multi-Robot Systems},
  journal = {The International Journal of Robotics Research},
  year = {2006},
  volume = {25},
  pages = {225},
  timestamp = {2010.05.14}
}

@ARTICLE{Liu+2007,
  author = {Liu, Wenguo and Winfield, Alan F. T. and Sa, Jin and Chen, Jie and
	Dou, Lihua},
  title = {Towards Energy Optimization: Emergent Task Allocation in a Swarm
	of Foraging Robots},
  journal = {Adaptive Behavior},
  year = {2007},
  volume = {15},
  pages = {289-305},
  number = {3},
  timestamp = {2010.05.14}
}

@CONFERENCE{SwisTrack,
  author = {Lochmatter, T. and Roduit, P. and Cianci, C. and Correll, N. and
	Jacot, J. and Martinoli, A.},
  title = {Swistrack-a flexible open source tracking software for multi-agent
	systems},
  booktitle = {IEEE/RSJ International Conference on Intelligent Robots and Systems,
	2008. IROS 2008},
  year = {2008},
  pages = {4004--4010},
  timestamp = {2010.05.14}
}

@ARTICLE{Parker2008,
  author = {L. E. Parker},
  title = {Distributed Intelligence: Overview of the Field and its Application
	in Multi-Robot Systems},
  journal = {Journal of Physical Agents, special issue on multi-robot systems},
  year = {2008},
  volume = {vol. 2},
  pages = {5-14},
  number = {no. 2},
  comment = {invited article},
  timestamp = {2010.05.14}
}

@BOOK{Sayer+1992,
  title = {The new social economy : reworking the division of labor},
  publisher = {Blackwell},
  year = {1992},
  author = {Andrew Sayer and Richard Walker},
  address = {Oxford},
  note = {19920311},
  keywords = {Sociology; Labour economics},
  language = {eng},
  timestamp = {2010.05.14}
}

@BOOK{Shen+2001,
  title = {Multi-agent systems for concurrent intelligent design and manufacturing},
  publisher = {Taylor \& Francis},
  year = {2001},
  author = {Weiming Shen and D. H. Norrie and Jean-Paul Barthes},
  pages = {386},
  address = {London},
  timestamp = {2010.05.14}
}

@comment{jabref-meta: selector_publisher:}

@comment{jabref-meta: selector_author:}

@comment{jabref-meta: selector_journal:}

@comment{jabref-meta: selector_keywords:}

